@misc{python,
  title = "Python Tutorial",
  howpublished = "\url{https://www.w3schools.com/python/}",
  note = "(truy cập 26/05/2019)"
}
@misc{django,
  title = "Django documentation",
  howpublished = "\url{https://docs.djangoproject.com/en/2.1}",
  note = "(truy cập 25/12/2018)"
}
@misc{requests,
  title = "Requests 2.21.0",
  howpublished = "\url{http://docs.python-requests.org/en/master/user/quickstart}",
  note = "(truy cập 25/12/2018)"
}
@misc{lxml,
  title = "lxml.html",
  howpublished = "\url{https://lxml.de/lxmlhtml.html}",
  note = "(truy cập 25/12/2018)"
}
@misc{bootstrap,
  title = "Introduction",
  howpublished = "\url{https://getbootstrap.com/docs/4.1}",
  note = "(truy cập 25/12/2018)"
}
@misc{awesome,
  title = "Icons",
  howpublished = "\url{https://fontawesome.com/icons}",
  note = "(truy cập 26/12/2018)"
}
@misc{captcha,
  title = "reCAPTCHA v2",
  howpublished = "\url{https://developers.google.com/recaptcha/docs/display}",
  note = "(truy cập 25/12/2018)"
}
@misc{heroku,
  title = "Django",
  howpublished = "\url{https://devcenter.heroku.com/categories/working-with-django}",
  note = "(truy cập 26/12/2018)"
}
@misc{seo,
  title = "Những Tiêu Chí Cần Thiết Cho Website Chuẩn SEO",
  howpublished = "\url{https://seoconghuong.com/kien-thuc-seo/562-nhung-tieu-chi-can-thiet-cho-website-chuan-seo.html}",
  note = "(truy cập 26/12/2018)"
}